<record><leader>00000cas a22000007a 4500</leader><controlfield tag="001">38452089</controlfield><controlfield tag="008">980217d19691972tnudn ne      0    0eng d</controlfield><datafield ind1=" " ind2=" " tag="010"><subfield code="a">sn 98069673 </subfield></datafield><datafield ind1=" " ind2=" " tag="040"><subfield code="a">TGN</subfield><subfield code="b">eng</subfield><subfield code="c">TGN</subfield><subfield code="d">OCLCQ</subfield><subfield code="d">OCLCO</subfield></datafield><datafield ind1="1" ind2=" " tag="029"><subfield code="a">AU@</subfield><subfield code="b">000013766566</subfield></datafield><datafield ind1=" " ind2=" " tag="042"><subfield code="a">msc</subfield></datafield><datafield ind1=" " ind2=" " tag="043"><subfield code="a">n-us-tn</subfield></datafield><datafield ind1="0" ind2="0" tag="245"><subfield code="a">Cookeville herald-citizen.</subfield></datafield><datafield ind1=" " ind2=" " tag="260"><subfield code="a">Cookeville, Tenn. :</subfield><subfield code="b">Cookeville Newspapers Inc.,</subfield><subfield code="c">1969-1972.</subfield></datafield><datafield ind1=" " ind2=" " tag="300"><subfield code="a">v.</subfield></datafield><datafield ind1=" " ind2=" " tag="310"><subfield code="a">Daily (except Sat. &amp; Sun.),</subfield><subfield code="b">May 1, 1969-May 5, 1972</subfield></datafield><datafield ind1=" " ind2=" " tag="321"><subfield code="a">Semiweekly,</subfield><subfield code="b">Jan. 14-Apr. 29, 1969</subfield></datafield><datafield ind1="0" ind2=" " tag="362"><subfield code="a">Vol. 15, no. 3 (Jan. 14, 1969) ; v. 66, no. 3 (Jan. 16, 1969) ; 65th year, no. 56 (Jan. 21, 1969)-70th year, no. 91 (May 8, 1972).</subfield></datafield><datafield ind1=" " ind2=" " tag="580"><subfield code="a">Formed by the union of: Putnam County herald (Cookeville, Tenn. : 1930), and: Cookeville citizen.</subfield></datafield><datafield ind1=" " ind2="0" tag="651"><subfield code="a">Cookeville (Tenn.)</subfield><subfield code="v">Newspapers.</subfield></datafield><datafield ind1=" " ind2="0" tag="651"><subfield code="a">Putanm County (Tenn.)</subfield><subfield code="v">Newspapers.</subfield></datafield><datafield ind1=" " ind2=" " tag="752"><subfield code="a">United States</subfield><subfield code="b">Tennessee</subfield><subfield code="c">Putnam</subfield><subfield code="d">Cookeville.</subfield></datafield><datafield ind1="1" ind2="4" tag="780"><subfield code="t">Putnam County herald (Cookeville, Tenn. : 1930)</subfield><subfield code="w">(DLC)sn 89058132</subfield></datafield><datafield ind1="1" ind2="4" tag="780"><subfield code="t">Cookeville citizen</subfield><subfield code="w">(DLC)sn 83025709</subfield></datafield><datafield ind1="0" ind2="0" tag="785"><subfield code="t">Herald-citizen (Cookeville, Tenn.)</subfield><subfield code="w">(DLC)sn 84006719</subfield></datafield></record>